@article{Reference1,
	Journal = {Pearson},
	Title = {Artificial Intelligence: A Modern Approach, 3rd Ed.},
	Author = {Peter Norvig and Stuart Russell},
	Year = {2009}}
